<record><leader>00000cas a22000007a 4500</leader><controlfield tag="001">21261584</controlfield><controlfield tag="008">900323d19871992coudn ne      0   a0eng d</controlfield><datafield ind1=" " ind2=" " tag="010"><subfield code="a">sn 90051171 </subfield></datafield><datafield ind1=" " ind2=" " tag="040"><subfield code="a">CNQ</subfield><subfield code="b">eng</subfield><subfield code="c">CNQ</subfield><subfield code="d">NSD</subfield><subfield code="d">DAD</subfield><subfield code="d">OCLCQ</subfield><subfield code="d">OCLCF</subfield><subfield code="d">OCLCO</subfield></datafield><datafield ind1="1" ind2=" " tag="022"><subfield code="a">1067-4241</subfield><subfield code="l">1067-4241</subfield><subfield code="y">0746-5602</subfield><subfield code="2">1</subfield></datafield><datafield ind1=" " ind2=" " tag="042"><subfield code="a">msc</subfield><subfield code="a">nsdp</subfield></datafield><datafield ind1="0" ind2=" " tag="130"><subfield code="a">Daily news-press (Castle Rock, Colo. : 1987)</subfield></datafield><datafield ind1=" " ind2="0" tag="222"><subfield code="a">Daily news-press</subfield><subfield code="b">(Castle Rock, Colo. 1987)</subfield></datafield><datafield ind1="1" ind2="0" tag="245"><subfield code="a">Daily news-press.</subfield></datafield><datafield ind1="1" ind2="3" tag="246"><subfield code="a">Douglas County daily news-press</subfield></datafield><datafield ind1="1" ind2="7" tag="246"><subfield code="a">News-press</subfield></datafield><datafield ind1=" " ind2=" " tag="260"><subfield code="a">Castle Rock, CO :</subfield><subfield code="b">Douglas County Pub. Co.,</subfield><subfield code="c">[1987]-</subfield></datafield><datafield ind1=" " ind2=" " tag="300"><subfield code="a">v.</subfield></datafield><datafield ind1=" " ind2=" " tag="310"><subfield code="a">Daily (except Sun., Mon., and legal holidays)</subfield></datafield><datafield ind1="0" ind2=" " tag="362"><subfield code="a">95th year, no. 196 (May 18, 1987)-</subfield></datafield><datafield ind1="1" ind2=" " tag="362"><subfield code="a">Ceased with Oct. 3, 1992 issue.</subfield></datafield><datafield ind1=" " ind2=" " tag="500"><subfield code="a">Same as [Parker] Daily news-press.</subfield></datafield><datafield ind1=" " ind2=" " tag="530"><subfield code="a">Available on microfilm from the Colorado Historical Society.</subfield></datafield><datafield ind1="2" ind2="0" tag="610"><subfield code="a">Douglas County History Research Center (Colo.)</subfield></datafield><datafield ind1="2" ind2="7" tag="610"><subfield code="a">Douglas County History Research Center (Colo.)</subfield><subfield code="2">fast</subfield><subfield code="0">(OCoLC)fst01640199</subfield></datafield><datafield ind1=" " ind2=" " tag="752"><subfield code="a">United States</subfield><subfield code="b">Colorado</subfield><subfield code="c">Douglas</subfield><subfield code="d">Castle Rock.</subfield></datafield><datafield ind1="0" ind2="0" tag="780"><subfield code="t">Douglas County daily news-press</subfield><subfield code="x">0746-5602</subfield><subfield code="w">(DLC)sn 83009937</subfield><subfield code="w">(OCoLC)10124618</subfield></datafield><datafield ind1="0" ind2="0" tag="785"><subfield code="t">Douglas County news-press (Castle Rock, Colo. : 1992)</subfield><subfield code="x">1067-425X</subfield><subfield code="w">(DLC)sn 93007087</subfield><subfield code="w">(OCoLC)27207117</subfield></datafield></record>